<?xml version="1.0" encoding="UTF-8"?><collection xmlns="http://www.loc.gov/MARC21/slim"><record><leader>00453nam--2200121-i-4500</leader><controlfield tag="001">000003431</controlfield><controlfield tag="002">20161230</controlfield><controlfield tag="005">20161230201025</controlfield><controlfield tag="008">060222s1000------------r-----000-0-eng-d</controlfield><datafield ind1=" " ind2=" " tag="100"><subfield code="a">Bodea, Eugen</subfield></datafield><datafield ind1=" " ind2=" " tag="245"><subfield code="a">Giorgis rationales mks-mass-system mit dimensi onskoharenz. fur mecanik, electromagnetik, thermik un atomistik fundier auf kalantaroffs /l.t.q.o/ - system, zweite, erweiterte auflage</subfield></datafield><datafield ind1=" " ind2=" " tag="260"><subfield code="a">Basel, Verlag, Birkhauser, 1949. 142 P</subfield></datafield><datafield ind1=" " ind2=" " tag="852"><subfield code="a">1631</subfield></datafield></record></collection>